@MISC{
	winterman-kelly-online-shopper,
    title={{Online shopping: The pensioner who pioneered a home shopping revolution}},
    howpublished = "\url{http://www.bbc.co.uk/news/magazine-24091393}",
    journal={BBC News},
    publisher={BBC},
    author={Winterman, Denise and Kelly, Jon},
    year={2013},
    month={Sep},
    note="[Online: accessed 14-December-2016]"
}
