@MISC {simeonkerr2017,
    author       = "Simeon Kerr",
    title        = "Amazon faces ‘mother of all battles’ with Gulf ecommerce push",
    howpublished = "\url{https://www.ft.com/content/1a3a55ca-0fb6-11e7-a88c-50ba212dce4d}",
    month        = "March",
    year         = "2017",
    note         = "ONLINE - Accessed 6 April 2017"
}

@MISC {simonmundy2016,
    author       = "Simon Mundy",
    title        = "Amazon to deliver \$3bn investment in India",
    howpublished = "\url{https://www.ft.com/content/c3b8be6e-2d46-11e6-bf8d-26294ad519fc}",
    month        = "June",
    year         = "2016",
    note         = "ONLINE - Accessed 6 April 2017"
}

@MISC {jacobkastrenakes2015,
    author       = "Jacob Kastrenakes",
    title        = "Amazon extinguishes the Fire Phone",
    howpublished = "\url{http://www.theverge.com/2015/9/9/9292695/amazon-fire-phone-sales-end}",
    month        = "September",
    year         = "2015",
    note         = "ONLINE - Accessed 6 April 2017"
}

@MISC {tessstynes2015,
    author       = "Tess Stynes",
    title        = "Apple Sells 13 Million New iPhones at Launch",
    howpublished = "\url{https://www.wsj.com/articles/apple-says-new-iphone-sales-set-record-1443444521}",
    month        = "September",
    year         = "2015",
    note         = "ONLINE - Accessed 6 April 2017"
}

@MISC {chrisfoxx2016,
    author       = "Chris Foxx",
    title        = "Twitter axes Vine video service",
    howpublished = "\url{http://www.bbc.co.uk/news/technology-37788052}",
    month        = "October",
    year         = "2016",
    note         = "ONLINE - Accessed 6 April 2017"
}

@MISC {gavinjackson2013,
    author       = "Gavin Jackson",
    title        = "Curtains for Blockbuster’s remaining UK stores",
    howpublished = "\url{https://www.ft.com/content/e5a30562-632b-11e3-886f-00144feabdc0}",
    month        = "December",
    year         = "2013",
    note         = "ONLINE - Accessed 6 April 2017"
}

@MISC {timbradshaw2011,
    author       = "Tim Bradshaw",
    title        = "Amazon acquires Lovefilm for £200m",
    howpublished = "\url{https://www.ft.com/content/9aa7315e-2482-11e0-8c0e-00144feab49a}",
    month        = "January",
    year         = "2011",
    note         = "ONLINE - Accessed 6 April 2017"
}

@MISC {matthewgarrahan2017,
    author       = "Matthew Garrahan",
    title        = "Apple’s stalled talks with Ron Howard flag content confusion",
    howpublished = "\url{https://www.ft.com/content/0842bc20-f3de-11e6-8758-6876151821a6}",
    month        = "February",
    year         = "2017",
    note         = "ONLINE - Accessed 6 April 2017"
}

@MISC {madhumitamurgia2017,
    author       = "Madhumita Murgia",
    title        = "Amazon to hire 5,000 in latest UK tech expansion",
    howpublished = "\url{https://www.ft.com/content/7126e632-f535-11e6-95ee-f14e55513608}",
    month        = "February",
    year         = "2017",
    note         = "ONLINE - Accessed 6 April 2017"
}

@MISC {lesliehook2016,
    author       = "Leslie Hook",
    title        = "Amazon delivers unexpected \$513m profit",
    howpublished = "\url{https://www.ft.com/content/0151dcbe-0d86-11e6-b41f-0beb7e589515}",
    month        = "April",
    year         = "2016",
    note         = "ONLINE - Accessed 6 April 2017"
}

@MISC {markwembridgeclaerbarrett2011,
    author       = "Mark Wembridge and Claer Barrett",
    title        = "HMV to focus on technology and live music",
    howpublished = "\url{https://www.ft.com/content/923f3eaa-a2f7-11e0-a9a4-00144feabdc0}",
    month        = "June",
    year         = "2011",
    note         = "ONLINE - Accessed 6 April 2017"
}

@MISC {waltersbradshawhammond2014,
    author       = "Richard Waters, Time Bradshaw and Ed Hammond",
    title        = "Google sells Motorola Mobility to Lenovo for \$2.9bn",
    howpublished = "\url{https://www.ft.com/content/5200f3be-892d-11e3-9f48-00144feab7de}",
    month        = "January",
    year         = "2014",
    note         = "ONLINE - Accessed 6 April 2017"
}

@MISC {thomas2014,
    author       = "Daniel Thomas",
    title        = "Microsoft sells Nokia feature phone unit to Foxconn for \$350m",
    howpublished = "\url{https://www.ft.com/content/53a70196-1cdc-11e6-8fa5-44094f6d9c46}",
    month        = "May",
    year         = "2016",
    note         = "ONLINE - Accessed 6 April 2017"
}

@MISC {bradshaw2015,
    author       = "Tim Bradshaw",
    title        = "Samsung appeals in smartphone patent fight with Apple",
    howpublished = "\url{https://www.ft.com/content/fa489fd8-a292-11e5-bc70-7ff6d4fd203a}",
    month        = "December",
    year         = "2015",
    note         = "ONLINE - Accessed 6 April 2017"
}

@MISC {vincent2017,
    author       = "Matthew Vincent",
    title        = "Imagination’s technology brought to earth by Apple",
    howpublished = "\url{https://www.ft.com/content/ca684356-1882-11e7-a53d-df09f373be87}",
    month        = "April",
    year         = "2017",
    note         = "ONLINE - Accessed 6 April 2017"
}

@MISC {birchallwaters2009,
    author       = "Jonathan Birchall and Richard Waters",
    title        = "Amazon to buy online shoe store Zappos",
    howpublished = "\url{https://www.ft.com/content/955e849e-770f-11de-b23c-00144feabdc0}",
    month        = "July",
    year         = "2009",
    note         = "ONLINE - Accessed 7 April 2017"
}

@MISC {platt2017,
    author       = "Eric Platt",
    title        = "Apple seals \$10bn debt finance as capital market activity booms",
    howpublished = "\url{https://www.ft.com/content/d0293136-e98b-11e6-893c-082c54a7f539}",
    month        = "February",
    year         = "2017",
    note         = "ONLINE - Accessed 7 April 2017"
}

@MISC {bullockkuchler2017,
    author       = "Nicole Bullock and Hannah Kuchler",
    title        = "Snapchat owner closes up 44\% for \$28.3bn valuation",
    howpublished = "\url{https://www.ft.com/content/89f1a01a-ff55-11e6-96f8-3700c5664d30}",
    month        = "March",
    year         = "2017",
    note         = "ONLINE - Accessed 7 April 2017"
}

@MISC {masters2017,
    author       = "Brooke Masters",
    title        = "Snap IPO is the foolish leading the blind",
    howpublished = "\url{https://www.ft.com/content/60308fec-ff3d-11e6-96f8-3700c5664d30}",
    month        = "March",
    year         = "2017",
    note         = "ONLINE - Accessed 7 April 2017"
}

@MISC {bounds2017,
    author       = "Andy Bounds",
    title        = "UK start-ups struggle to raise money as private equity deals fall",
    howpublished = "\url{https://www.ft.com/content/46ea2c2e-ef8d-11e6-930f-061b01e23655}",
    month        = "February",
    year         = "2017",
    note         = "ONLINE - Accessed 7 April 2017"
}